<?xml version="1.0" encoding="utf-8"?>
<record xmlns="http://www.loc.gov/MARC21/slim" xmlns:xsi="http://www.w3.org/2001/XMLSchema-instance" xsi:schemaLocation="http://www.loc.gov/MARC21/slim http://www.loc.gov/standards/marcxml/schema/MARC21slim.xsd">
	<leader>     nam a22        4500</leader>
	<controlfield tag="001">2958467</controlfield>
	<controlfield tag="003">NNC</controlfield>
	<controlfield tag="006">m        d        </controlfield>
	<controlfield tag="007">cr cn |||m|||a</controlfield>
	<controlfield tag="008">160519s1949    ua      o     000 0 ara d</controlfield>
	<datafield ind1=" " ind2=" " tag="040">
		<subfield code="a">NNU</subfield>
		<subfield code="b">eng</subfield>
		<subfield code="e">rda</subfield>
		<subfield code="c">NNU</subfield>
	</datafield>
	<datafield ind1="1" ind2="4" tag="050">
		<subfield code="a">BP151.5</subfield>
		<subfield code="b">.I25</subfield>
	</datafield>
	<datafield ind1="1" ind2=" " tag="100">
		<subfield code="6">880-01</subfield>
		<subfield code="a">Ibn al-Qāṣiḥ, ʻAlī ibn ʻUthmān,</subfield>
		<subfield code="d">1316 or 1317-1398 or 1399.</subfield>
	</datafield>
	<datafield ind1="1" ind2="0" tag="245">
		<subfield code="6">880-02</subfield>
		<subfield code="a">Sharḥ talkhīṣ al-fawāʼid wa-taqrīb al-mutabāʻid wa-taqrʻib al-mutabʻ̄idʹ ʻalāʹ ʻAqīlat atrāb al-qaṣāʼidʹ fī ʻilm al-rasm /</subfield>
		<subfield code="c">taʼlīf Abī al-Baqāʼ ʻAlī ibn ʻUthmān ibn Muḥammad ibn al-Qāṣih ; rājaʻahū wa-ʻallaqa ʻalayhi ʻAbd al-Fattāh al-Qādī.</subfield>
	</datafield>
	<datafield ind1=" " ind2=" " tag="260">
		<subfield code="6">880-03</subfield>
		<subfield code="a">al-Qāhirah :</subfield>
		<subfield code="b">Maṭbaʻat Musṭafā al-Bābī al-Ḥalabī,</subfield>
		<subfield code="c">1949.</subfield>
	</datafield>
	<datafield ind1=" " ind2=" " tag="300">
		<subfield code="a">online resource (108 pages)</subfield>
	</datafield>
	<datafield ind1=" " ind2=" " tag="336">
		<subfield code="a">text</subfield>
		<subfield code="2">rdacontent</subfield>
	</datafield>
	<datafield ind1=" " ind2=" " tag="337">
		<subfield code="a">computer</subfield>
		<subfield code="2">rdamedia</subfield>
	</datafield>
	<datafield ind1=" " ind2=" " tag="338">
		<subfield code="a">online resource</subfield>
		<subfield code="2">rdacarrier</subfield>
	</datafield>
	<datafield ind1=" " ind2=" " tag="500">
		<subfield code="a">Part of the Arabic Collections Online (ACO) project, contributed by Columbia University Libraries.</subfield>
	</datafield>
	<datafield ind1=" " ind2=" " tag="533">
		<subfield code="a">Electronic reproduction.</subfield>
		<subfield code="b">New York, N.Y. :</subfield>
		<subfield code="c">New York University,</subfield>
		<subfield code="d">2016.</subfield>
		<subfield code="5">NNU</subfield>
	</datafield>
	<datafield ind1="0" ind2="0" tag="600">
		<subfield code="6">880-04</subfield>
		<subfield code="a">Shāṭibī, al-Qāsim ibn Fīrruh,</subfield>
		<subfield code="d">1144-1194.</subfield>
		<subfield code="t">ʻAqīlat atrāb al-qaṣāʼid fī asná al-maqāṣid.</subfield>
	</datafield>
	<datafield ind1="0" ind2="0" tag="630">
		<subfield code="a">Qurʼan</subfield>
		<subfield code="x">Orthography.</subfield>
	</datafield>
	<datafield ind1="2" ind2=" " tag="710">
		<subfield code="a">Columbia University.</subfield>
		<subfield code="b">Libraries.</subfield>
	</datafield>
	<datafield ind1="0" ind2=" " tag="730">
		<subfield code="a">Arabic Collections Online.</subfield>
	</datafield>
	<datafield ind1="0" ind2="8" tag="776">
		<subfield code="i">Print version:</subfield>
		<subfield code="a">Ibn al-Qāṣiḥ, ʻAlī ibn ʻUthmān, 1316 or 1317-1398 or 1399.</subfield>
		<subfield code="t">Sharḥ talkhīṣ al-fawāʼid wa-taqrīb al-mutabāʻid wa-taqrʻib al-mutabʻ̄idʹ ʻalāʹ ʻAqīlat atrāb al-qaṣāʼidʹ fī ʻilm al-rasm</subfield>
		<subfield code="w">(NNC)2958467</subfield>
		<subfield code="w">(OCoLC)45898401</subfield>
	</datafield>
	<datafield ind1="4" ind2="0" tag="856">
		<subfield code="u">http://hdl.handle.net/2333.1/p8cz8zwp</subfield>
	</datafield>
	<datafield ind1="1" ind2=" " tag="880">
		<subfield code="6">100-01/r</subfield>
		<subfield code="a">ابن القاصح، علي بن عثمان،</subfield>
		<subfield code="d">1316 or 1317-1398 or 1399.</subfield>
	</datafield>
	<datafield ind1="1" ind2="0" tag="880">
		<subfield code="6">245-02/r</subfield>
		<subfield code="a">شرح تلخيص الفوائد وتقريب المتباعد وتقريب المتباعد على عقيلة اتراب القصائد في علم الرسم /</subfield>
		<subfield code="c">تأليف ابي البقاء علي بن عثمان بن محمد بن القاصح ؛ راجعه وعلق عليه عبد الفتاح القاضي. </subfield>
	</datafield>
	<datafield ind1=" " ind2=" " tag="880">
		<subfield code="6">260-03/r</subfield>
		<subfield code="a">القاهرة :</subfield>
		<subfield code="b">مطبعة مصطفى البابي الحلبي،</subfield>
		<subfield code="c">1949.</subfield>
	</datafield>
	<datafield ind1="0" ind2="4" tag="880">
		<subfield code="6">600-04/r</subfield>
		<subfield code="a">شاطبي، القاسم بن فيره،</subfield>
		<subfield code="d">11441194.</subfield>
		<subfield code="t">عقيلة اتراب القصائد في اسنى المقاصد.</subfield>
	</datafield>
	<datafield ind1=" " ind2=" " tag="959">
		<subfield code="a">NNU</subfield>
		<subfield code="b">WEB</subfield>
		<subfield code="c">GENI</subfield>
		<subfield code="t">0</subfield>
		<subfield code="m">Electronic access</subfield>
		<subfield code="s">01</subfield>
	</datafield>
	<datafield ind1=" " ind2=" " tag="999">
		<subfield code="i">NNC_2958467</subfield>
		<subfield code="o">(OCoLC)ocm45898401</subfield>
		<subfield code="s">columbia_aco000812</subfield>
		<subfield code="e">(ERROR-880)</subfield>
		<subfield code="s">columbia_aco000812</subfield>
	</datafield>
</record>
